%% This BibTeX bibliography file was created using BibDesk.
%% http://bibdesk.sourceforge.net/


%% Created for Fredrik Kjolstad at 2011-12-14 10:44:56 -0500 


%% Saved with string encoding Unicode (UTF-8) 



@inproceedings{alon:2003:set-cover,
	Address = {New York, NY, USA},
	Author = {Alon, Noga and Awerbuch, Baruch and Azar, Yossi},
	Booktitle = {Proceedings of the thirty-fifth annual ACM symposium on Theory of computing},
	Date-Added = {2011-12-14 15:44:29 +0000},
	Date-Modified = {2011-12-14 15:44:54 +0000},
	Location = {San Diego, CA, USA},
	Pages = {100--105},
	Publisher = {ACM},
	Series = {STOC '03},
	Title = {The online set cover problem},
	Url = {http://doi.acm.org/10.1145/780542.780558},
	Year = {2003},
	Bdsk-Url-1 = {http://doi.acm.org/10.1145/780542.780558}}

@inproceedings{goemans92:approx,
	Acmid = {139468},
	Address = {Philadelphia, PA, USA},
	Author = {Goemans, Michel X. and Williamson, David P.},
	Booktitle = {Proceedings of the third annual ACM-SIAM symposium on Discrete algorithms},
	Date-Added = {2011-12-14 15:37:57 +0000},
	Date-Modified = {2011-12-14 15:38:24 +0000},
	Isbn = {0-89791-466-X},
	Location = {Orlando, Florida, United States},
	Numpages = {10},
	Pages = {307--316},
	Publisher = {Society for Industrial and Applied Mathematics},
	Series = {SODA '92},
	Title = {A general approximation technique for constrained forest problems},
	Url = {http://dl.acm.org/citation.cfm?id=139404.139468},
	Year = {1992},
	Bdsk-Url-1 = {http://dl.acm.org/citation.cfm?id=139404.139468}}

@article{imase91:dynamic-steiner,
	Author = {Makoto Imase and Bernard M. Waxman},
	Date-Added = {2011-12-14 15:18:51 +0000},
	Date-Modified = {2011-12-14 15:20:08 +0000},
	Journal = {SIAM Journal of Discrete Math},
	Title = {Dynamic Steiner Tree Problem},
	Year = {1991}}

@incollection{fotakis03:facility,
	Author = {Fotakis, Dimitris},
	Booktitle = {Automata, Languages and Programming},
	Date-Added = {2011-12-14 15:17:11 +0000},
	Date-Modified = {2011-12-14 15:28:12 +0000},
	Pages = {190-190},
	Publisher = {Springer Berlin / Heidelberg},
	Series = {Lecture Notes in Computer Science},
	Title = {On the Competitive Ratio for Online Facility Location},
	Volume = {2719},
	Year = {2003},
	Bdsk-Url-1 = {http://dx.doi.org/10.1007/3-540-45061-0_51}}

@article{Alon06:opt,
	Author = {Alon, Noga and Awerbuch, Baruch and Azar, Yossi and Buchbinder, Niv and Naor, Joseph (Seffi)},
	Date-Modified = {2011-12-14 15:27:37 +0000},
	Journal = {ACM Trans. Algorithms},
	Title = {A general approach to online network optimization problems},
	Volume = {2},
	Year = {2006}}

@article{buchbinder09:survey,
	Author = {Niv Buchbinder and Joseph (Seffi) Naor},
	Date-Added = {2011-12-07 03:18:51 +0000},
	Date-Modified = {2011-12-07 03:22:28 +0000},
	Journal = {Foundations and Trends in Theoretical Computer Science},
	Number = {2--3},
	Title = {The Design of Competitive Online Algorithms via a Primal--Dual Approach},
	Volume = {3},
	Year = {2009}}

@inproceedings{bansal10:k-server,
	Author = {Nikhil Bansal and Niv Buchbinder and Joseph (Seffi) Naor},
	Booktitle = {Proceedings of the Twenty-First Annual ACM-SIAM Symposium on Discrete Algorithms (SODA'10)},
	Date-Added = {2011-12-07 03:15:57 +0000},
	Date-Modified = {2011-12-07 03:29:20 +0000},
	Title = {Towards the randomized k-server conjecture: a primal--dual approach},
	Year = {2010}}

@inproceedings{naor11:node-weighted-steiner-tree,
	Author = {Joseph (Seffi) Naor and Debmalya Panigrahi and Mohit Singh},
	Booktitle = {IEEE Symposium on Foundations of Computer Science (FOCS'11)},
	Date-Added = {2011-12-07 03:12:06 +0000},
	Date-Modified = {2011-12-07 03:16:42 +0000},
	Title = {Online Node-weighted Steiner Tree and Related Problems},
	Year = {2011}}

@techreport{buchbinder11:job-migration-techreport,
	Author = {Niv Buchbinder and Navendu Jain and Ishai Menache},
	Date-Added = {2011-12-07 03:09:14 +0000},
	Date-Modified = {2011-12-07 03:16:53 +0000},
	Institution = {Microsoft Research},
	Title = {Online Job-Migration for Reducing the Electricity Bill in the Cloud},
	Year = {2011}}

@inproceedings{buchbinder11:job-migration,
	Author = {Niv Buchbinder and Navendu Jain and Ishai Menache},
	Booktitle = {International Conferences on Networking (NETWORKING'11)},
	Date-Added = {2011-12-07 02:55:06 +0000},
	Date-Modified = {2011-12-07 03:29:10 +0000},
	Title = {Online Job-Migration for Reducing the Electricity Bill in the Cloud},
	Year = {2011}}

@inproceedings{bansal11:randomized-k-server,
	Author = {Nikhil Bansal and Niv Buchbinder and Aleksander Madry and Joseph (Seffi) Naor},
	Booktitle = {IEEE Symposium on Foundations of Computer Science (FOCS'11)},
	Title = {A Polylogarithmic-Competitive Algorithm for the k-Server Problem},
	Year = {2011}}

@inproceedings{bansal07:weighted-paging,
	Author = {Nikhil Bansal and Niv Buchbinder and Joseph (Seffi) Naor},
	Booktitle = {IEEE Symposium on Foundations of Computer Science (FOCS'07)},
	Title = {A Primal-Dual Randomized Algorithm for Weighted Paging},
	Year = {2007}}

@inproceedings{cote08:k-server,
	Author = {Aaron Cot\'{e} and Adam Meyerson and Laura Poplawski},
	Booktitle = {ACM Symposium on Theory of Computing (STOC'08)},
	Title = {Randomized k-server on Hierarchical Binary Trees},
	Year = {2008}}
